@inproceedings{sern2020phishgan,
  title={PhishGAN: Data Augmentation and Identification of Homoglyph Attacks},
  author={Sern, Lee Joon and David, Yam Gui Peng and Hao, Chan Jin},
  booktitle={2020 International Conference on Communications, Computing, Cybersecurity, and Informatics (CCCI)},
  pages={1--6},
  year={2020},
  organization={IEEE}
}

@inproceedings{10.1145/3278532.3278569,
author = {Tian, Ke and Jan, Steve T. K. and Hu, Hang and Yao, Danfeng and Wang, Gang},
title = {Needle in a Haystack: Tracking Down Elite Phishing Domains in the Wild},
year = {2018},
isbn = {9781450356190},
publisher = {Association for Computing Machinery},
address = {New York, NY, USA},
url = {https://doi.org/10.1145/3278532.3278569},
doi = {10.1145/3278532.3278569},
pages = {429â€“442},
numpages = {14},
location = {Boston, MA, USA},
series = {IMC '18}
}

@article{segmentation,
author = {Artacho, Bruno and Savakis, Andreas},
year = {2019},
month = {12},
pages = {5361},
title = {Waterfall Atrous Spatial Pooling Architecture for Efficient Semantic Segmentation},
volume = {24},
journal = {Sensors},
doi = {10.3390/s19245361}
}

@inproceedings{inproceedings,
author = {Dutta, Indira and Ghosh, Bhaskar and Carlson, Albert and Totaro, Michael and Bayoumi, Magdy},
year = {2020},
month = {10},
pages = {},
title = {Generative Adversarial Networks in Security: A Survey},
doi = {10.1109/UEMCON51285.2020.9298135}
}

@book{dewani2022handbook,
  title={Handbook of Research on Cyber Law, Data Protection, and Privacy},
  author={Dewani, N.D. and Khan, Z.A. and Agarwal, A. and Sharma, M. and Khan, S.A.},
  isbn={9781799886419},
  lccn={2021027666},
  series={Advances in Information Security, Privacy, and Ethics Series},
  url={https://books.google.it/books?id=OYV\_zgEACAAJ},
  year={2022},
  publisher={IGI Global}
}

@inproceedings{9298135,
  author={Dutta, Indira Kalyan and Ghosh, Bhaskar and Carlson, Albert and Totaro, Michael and Bayoumi, Magdy},
  booktitle={2020 11th IEEE Annual Ubiquitous Computing, Electronics \& Mobile Communication Conference (UEMCON)}, 
  title={Generative Adversarial Networks in Security: A Survey}, 
  year={2020},
  volume={},
  number={},
  pages={0399-0405},
  doi={10.1109/UEMCON51285.2020.9298135}
}